@techreport{goadrichrogers11,
	author = "Mark H. Goadrich and Michael P. Rogers",
	title = "Smart Smartphone Development: iOS versus Android",
	institution = "Mathematics and Computer Science Centenary College of Louisiana and
	Computer Science Information Systems, Northwest Missouri State University",
	year = "2011"
}

@misc{phonegap:about,
  author = "PhoneGap",
  title = "About - PhoneGap",
  year = "2011",
  howpublished = "\url{http://www.phonegap.com/about}",
}

@misc{artsdatabanken:about,
  author = "Artsdatabanken",
  title = "About - Artsdatabanken",
  year = "2011",
  howpublished = "\url{http://www.artsdatabanken.no/Article.aspx?m=5&amid=89}",
}

@article{gaywood11,
	author = "Richard Gaywood",
	title = "The GPL, the App Store, and you",
	journal = "\url{http://www.tuaw.com/}",
	year = "2011"
}

@misc{wiki:android,
	author = "Wikipedia",
	title = "Android (operating system)",
	year = "2011",
	howpublished = "\url{http://en.wikipedia.org/wiki/Android_%28operating_system%29}"
}

@misc{wiki:ios,
	author = "Wikipedia",
	title = "iOs",
	year = "2011",
	howpublished = "\url{http://en.wikipedia.org/wiki/IOS}"
}

@misc{wiki:development-process,
	author = "Wikipedia",
	title = "Software development process",
	year = "2011",
	howpublished = "\url{http://en.wikipedia.org/wiki/Software_development_process}"
}
@misc{req:requirements-technique,
	author = "Mike O'Docherty",
	title = "Object Oriented Analysis and Design, Understanding system development with UML2.0",
	year = "2007"
}
@misc{req:requirements-technique2,
	author = "Leszek A. Maciaszek",
	title = "Requirements analysis and system design",
	year = "2007"
}
@misc{arts:field-study,
    author="Artsdatabanken",
    howpublished="\url{http://www.artsdatabanken.no}"
}
@misc{mob:requirements-technique3,
	author = "George H. Formann, John Zahorjan",
	title = "The challenges of Mobile Computing",
	year = "1994"
}
@misc{mob:requirements-technique4,
	author = "ITU:International Telecommunications Union",
    howpublished="\url{http://www.itu.int}"
}

@misc{phonegap:automatic-test-cases,
	author = "Rohit Ghatol",
	title = "Automated TestCases for PhoneGap ",
	year = "2011",
	howpublished="\url{http://wiki.phonegap.com/w/page/36886195/Automated%20TestCases%20for%20PhoneGap}"
}

@misc{seleniumhq:home,
	author = "SeleniumHQ",
	title = "What is Selenium",
	year = "2011",
	howpublished="\url{http://seleniumhq.org}"
}

@misc{wiki:software-testing,
	author = "Wikipedia",
	title = "Software testing",
	year = "2011",
	howpublished="\url{http://en.wikipedia.org/wiki/Software_testing}"
}

@misc{jquery:qunit,
	author = "jQuery",
	title = "QUnit",
	year = "2011",
	howpublished="\url{http://docs.jquery.com/Qunit}"
}

@misc{github:jquery-mockjax,
	author = "appendto",
	title = "jquery-mockjax",
	year = "2011",
	howpublished="\url{https://github.com/appendto/jquery-mockjax}"
}
@article{sqa:software-quality,
	author = "SQA",
	title = "Software Quality Assurance",
	journal = "\url{http://www.sqa.com.com}"
}
@misc{targetprocess:scrum,
	author = "Target Process",
	title = "Scrum",
	year = "2011",
	howpublished = "\url{http://www.targetprocess.com/scrum.aspx}"
}
@misc{worldpress:waterfall,
	author = "World Press",
	title = "Waterfall model",
	year = "2011",
	howpublished = "\url{http://promulgate123.wordpress.com/2011/06/10/myth-waterfall-method-is-more-safe-and-manageable-than-other-methods-in-sw-development}"
}
@misc{git:repositories,
	author = "GitHub, Social Coding",
	title = "Repository model",
	year = "2011",
	howpublished = "\url{https://github.com/explore}"
}
@misc{wiki:latex,
	author = "Wikipedia",
	title = "Latex",
	year = "2011",
	howpublished="\url{http://en.wikipedia.org/wiki/LaTeX}"
}
@misc{wiki:software-testing2,
    author="Kshirasagar Naik Priyadarshi Tripathy",
    title="Software testing and quality assurance: Theorey and Practice",
    Year="2011",
    howpublished="Wiley"
}
@misc{wiki:MOWAHS,
    author="{Alf Inge Wang, Carl-Fredrik Sorensen, Hien Nam Le Mads, Nygard Reidar Conradi}",
    title="From to Requirements in Mobile Client-Server Systems",
    howpublished="NTNU"
}
@misc{risk:rmf1,
    author="Graham M. Winch",
    title="Managing Construction Projects",
    year="2010",
    howpublished="Wiley-Blackwell"
}
@misc{risk:rmf2,
    author="Tony Mema, Faisal F. Al-Thanid",
    title="Corporate Risk Management",
    year="2008"
}

@misc{w3:xslt,
	author = "The World Wide Web Consortium",
	title = " XSL Transformations",
	howpublished = "{\url{http://www.w3.org/TR/xslt}",
	year="1999"
}

@misc{wiki:svn,
  author = "Members of Wikipedia",
  title = "Apache Subversion",
  howpublished = "\url{http://en.wikipedia.org/wiki/Apache_Subversion}",
  year="2011"
}
@misc{wiki:git,
  author = "Members of Wikipedia",
  title = "Git (software)",
  howpublished = "\url{http://en.wikipedia.org/wiki/Git_(software)}",
  year="2011"
}

@misc{wiki:github,
  author = "Members of Wikipedia",
  title = "GitHub",
  howpublished = "\url{http://en.wikipedia.org/wiki/GitHub}",
  year="2011"
}

@misc{crockford:code,
  author = "crockford.com",
  title = "Code Conventions for the JavaScript Programming Language",
  howpublished = "\url{http://javascript.crockford.com/code.html}",
  year="unknown"
}
@misc{corona:about,
	author="Yonathan, you need to include all required fields and verify that the document is functional",
	title="Yonathan, you need to include all required fields and verify that the document is functional",
	howpublished="\url{http://www.anscamobile.com}"
}
@misc{titanium:about,
	author="Appcelerator",
	title="Training and documentation",
	howpublished="\url{http://www.appcelerator.com}",
    year="2011"
}
@article{iso:9126,
    author="International Organization for Standardization",
    title="ISO 9126",
    howpublished="ISO9126 standards documentation"
}

@article{usability:doc2,
    author="Wen-Chih Chiou, Chyuan Lin Perng, Chin-Chao",
    title="The relationship between technology acceptance model and usability test",
    howpublished="WASW International conference on Information Engineering",
    year="2009"
}
@article{usability:doc3,
    author="{Michael J. Albers, Brian Still}",
    title="{Usability of complext information systems - Evaluation of user interaction}",
    howpublished="CRC Press",
    year="2011"
}
@article{tam:doc4,
    author="F.D Davis, R.P. Bagozzi and P.R.Warshaw",
    title="User acceptance of computer technology: a comparison of two theoretical models",
    howpublished="Management science",
    year="1989"
}
@article{tam:doc5,
    author="Jeffrey Rubin, Dan Chisnell",
    title="Handbook of usability testing - How to paln, design and conduct effective tests,2nd edition",
    year="2008"
}
@article{tam:doc6,
    author="Hung-Pin Shih",
    title="Extended technology acceptability model of internet utilization behaviour",
    howpublished="Hsuan Chuang University",
    year="2003"
}

@article{compendium,
	author="IDI",
    title="Compendium: Introduction to course TDT4290 Customer Driven Project, Autumn 2011",
    howpublished="IDI technical report 2/2011. ISSN: 1503-416"
}

@misc{creativecommons:licenses,
	author="Creative Commons",
	title="Creative Commons Attribution-ShareAlike 3.0 Unported License",
	howpublished="\url{http://creativecommons.org/licenses/by-sa/3.0/}"
}
@misc{similarproduct:introdn,
    author="Lisa Brownsword, David Carney, Tricia Oberndorf",
    title="The opportunities and complexities of applying commercial-off-the-shelf components",
    howpublished="Crosstalk",
    year="1998"
}
@mis{similarproduct:noah,
    howpublished="\url{http://www.projectnoah.org/}"
}
@mis{similarproduct:ebird,
    howpublished="\url{http://ebird.org/content/ebird/about}"
}
@misc{similarproduct:usbird,
    howpublished="\url{https://market.android.com/details?id=com.USBirdingChecklistDemo&feature=search_result}"
}
@misc{similarproduct:audubon,
    howpublished="\url{http://www.audubon.org/}"
}
