@techreport{goadrichrogers11,
	author = "Mark H. Goadrich and Michael P. Rogers",
	title = "Smart Smartphone Development: iOS versus Android",
	institution = "Mathematics and Computer Science Centenary College of Louisiana and
	Computer Science Information Systems, Northwest Missouri State University",
	year = "2011"
}

@misc{phonegap:about,
  author = "PhoneGap",
  title = "About - PhoneGap",
  year = "2011",
  howpublished = "\url{http://www.phonegap.com/about}",
}

@article{gaywood11,
	author = "Richard Gaywood",
	title = "The GPL, the App Store, and you",
	journal = "\url{http://www.tuaw.com/}",
	year = "2011"
}

@misc{wiki:android,
	author = "Wikipedia",
	title = "Android (operating system)",
	year = "2011",
	howpublished = "\url{http://en.wikipedia.org/wiki/Android_%28operating_system%29}"
}

@misc{wiki:ios,
	author = "Wikipedia",
	title = "iOs",
	year = "2011",
	howpublished = "\url{http://en.wikipedia.org/wiki/IOS}"
}

@misc{wiki:development-process,
	author = "Wikipedia",
	title = "Software development process",
	year = "2011",
	howpublished = "\url{http://en.wikipedia.org/wiki/Software_development_process}"
}
@misc{wiki:requirements-technique,
	author = "Mike O'Docherty",
	title = "Object Oriented Analysis and Design, Understanding system development with UML2.0",
	year = "2007"
}
@misc{wiki:requirements-technique2,
	author = "Leszek A. Maciaszek",
	title = "Requirements analysis and system design",
	year = "2007"
}
@misc{wiki:requirements-technique3,
	author = "George H. Formann, John Zahorjan",
	title = "The challenges of Mobile Computing",
	year = "1994"
}
@misc{wiki:requirements-technique4,
	author = "International Telecommunications Union / ITU",
    howpublished="\url{http://www.itu.int}"
}
